<?xml version="1.0" encoding="UTF-8"?><collection xmlns="http://www.loc.gov/MARC21/slim"><record><leader>00506nam--2200193-i-4500</leader><controlfield tag="001">000000346</controlfield><controlfield tag="002">20161230</controlfield><controlfield tag="005">20170101234712</controlfield><controlfield tag="008">060222s1000------------r-----000-0-fre-d</controlfield><datafield ind1=" " ind2=" " tag="040"><subfield code="a">IFIN-HH</subfield></datafield><datafield ind1=" " ind2=" " tag="041"><subfield code="a">fre</subfield></datafield><datafield ind1=" " ind2=" " tag="080"><subfield code="a">548.4/5:539.3</subfield></datafield><datafield ind1="1" ind2=" " tag="100"><subfield code="a">Friedel, J</subfield></datafield><datafield ind1="1" ind2="0" tag="245"><subfield code="a">Les dislocations</subfield><subfield code="c">J. Friedel</subfield></datafield><datafield ind1=" " ind2=" " tag="260"><subfield code="a">Paris</subfield><subfield code="b">Gauthier-Villars, Editeur-imprimeur-libraire</subfield><subfield code="c">1956</subfield></datafield><datafield ind1=" " ind2=" " tag="300"><subfield code="a">314 P</subfield></datafield><datafield ind1=" " ind2=" " tag="490"><subfield code="a">Monographies De Chimie Physique</subfield></datafield><datafield ind1=" " ind2=" " tag="852"><subfield code="a">13196</subfield><subfield code="c">539.3</subfield></datafield><datafield ind1=" " ind2=" " tag="CAT"><subfield code="a">SYS</subfield><subfield code="c">20170101</subfield><subfield code="h">234712</subfield></datafield></record></collection>